@misc{bernardo2020unravelling,
      title={Unravelling the role of coherence in the first law of quantum thermodynamics},
      author={Bert√∫lio de Lima Bernardo},
      year={2020},
      eprint={2009.11370},
      archivePrefix={arXiv},
      primaryClass={quant-ph}
}
